<?xml version="1.0" encoding="UTF-8"?><collection xmlns="http://www.loc.gov/MARC21/slim"><record><leader>00332nam--2200121-i-4500</leader><controlfield tag="001">000043375</controlfield><controlfield tag="002">20161230</controlfield><controlfield tag="005">20161230201044</controlfield><controlfield tag="008">060222s1000------------r-----000-0-eng-d</controlfield><datafield ind1=" " ind2=" " tag="245"><subfield code="a">Symposium on the use os plutonium as a reactor fuel, brussels, 13-17 march 1967</subfield></datafield><datafield ind1=" " ind2=" " tag="260"><subfield code="a">Vienna, Iaea, 1967. P. Dif</subfield></datafield><datafield ind1=" " ind2=" " tag="490"><subfield code="a">Sm-88</subfield></datafield><datafield ind1=" " ind2=" " tag="852"><subfield code="a">25887</subfield></datafield></record></collection>